@inproceedings{burgoyne2011expert,
  title={An Expert Ground Truth Set for Audio Chord Recognition and Music Analysis},
  author={Burgoyne, John Ashley and Wild, Jonathan and Fujinaga, Ichiro},
  booktitle={Proceedings of the 12th International Society for Music Information Retrieval Conference},
  editor={Klapuri, Anssi and Leider, Colby},
  pages={633--638},
  year={2011},
  address={Miami, FL}
}
@misc{ultimateguitar,
  author={{Ultimate Guitar}},
  title={Ultimate Guitar: Chords, Tabs \& Lyrics},
  url={https://www.ultimate-guitar.com},
  note={Accessed: September 2023}
}
@software{playwright,
  author={Microsoft Corporation},
  title={Playwright},
  year={2023},
  version={1.37.0},
  url={https://playwright.dev/},
}
@misc{EasySong2023Copyright,
  title={What Parts of Music Can Be Copyrighted? (...and What Can't?)},
  author={{Easy Song Help Center}},
  year={2023},
  month={5},
  day={23},
  howpublished={\url{https://support.easysong.com/hc/en-us/articles/1500009595681-What-Parts-of-Music-Can-Be-Copyrighted-and-What-Can-t-}},
  note={Accessed: 2023-12-19}
}
@software{music21,
  author={Michael Scott Asato Cuthbert},
  title={music21},
  year={2023},
  version={8.3.0},
  url={https://web.mit.edu/music21/},
}
@misc{forsgren2022riffusion,
  title={Riffusion - Stable diffusion for real-time music generation},
  author={Forsgren, S. and Martiros, H.},
  year={2022},
  howpublished={\url{https://riffusion.com/about}}
}
@misc{mubert2022,
  title={Mubert},
  author={{Mubert-Inc}},
  year={2022},
  howpublished={\url{https://mubert.com/}, \url{https://github.com/MubertAI/Mubert-Text-to-Music}}
}
@misc{agostinelli2023musiclm,
  title={MusicLM: Generating Music From Text}, 
  author={Andrea Agostinelli and Timo I. Denk and Zalán Borsos and Jesse Engel and Mauro Verzetti and Antoine Caillon and Qingqing Huang and Aren Jansen and Adam Roberts and Marco Tagliasacchi and Matt Sharifi and Neil Zeghidour and Christian Frank},
  year={2023},
  eprint={2301.11325},
  archivePrefix={arXiv},
  primaryClass={cs.SD}
}
@article{DBLP:journals/corr/abs-2109-00663,
  author={Shuqi Dai and Zeyu Jin and Celso Gomes and Roger B. Dannenberg},
  title={Controllable deep melody generation via hierarchical music structure representation},
  journal={CoRR},
  volume={abs/2109.00663},
  year={2021},
  url={https://arxiv.org/abs/2109.00663},
  eprinttype={arXiv},
  eprint={2109.00663},
  timestamp={Mon, 20 Sep 2021 16:29:41 +0200},
  biburl={https://dblp.org/rec/journals/corr/abs-2109-00663.bib},
  bibsource={dblp computer science bibliography, https://dblp.org}
}
@article{DBLP:journals/corr/abs-1709-01620,
  author= {Jean{-}Pierre Briot and Ga{\"{e}}tan Hadjeres and Fran{\c{c}}ois Pachet},
  title={Deep Learning Techniques for Music Generation - {A} Survey},
  journal={CoRR},
  volume={abs/1709.01620},
  year={2017},
  url={http://arxiv.org/abs/1709.01620},
  eprinttype={arXiv},
  eprint={1709.01620},
  timestamp={Mon, 13 Aug 2018 16:48:11 +0200},
  biburl={https://dblp.org/rec/journals/corr/abs-1709-01620.bib},
  bibsource={dblp computer science bibliography, https://dblp.org}
}
@INPROCEEDINGS{9053992,
  author={Garoufis, Christos and Zlatintsi, Athanasia and Maragos, Petros},
  booktitle={ICASSP 2020 - 2020 IEEE International Conference on Acoustics, Speech and Signal Processing (ICASSP)}, 
  title={An LSTM-Based Dynamic Chord Progression Generation System for Interactive Music Performance}, 
  year={2020},
  volume={},
  number={},
  pages={4502-4506},
  doi={10.1109/ICASSP40776.2020.9053992}
}
@inproceedings{dalmazzo2023chordinator,
  title={The Chordinator: Chord progression modeling and generation using transformers},
  author={Dalmazzo, David and Déguernel, Ken and Sturm, Bob L. T.},
  booktitle={International Society for Music Information Retrieval Conference},
  year={2023},
  note={\texttt{hal-04289026}}
}
@INPROCEEDINGS{8554901,
  author={Shukla, Shipra and Banka, Haider},
  booktitle={2018 International Conference on Advances in Computing, Communications and Informatics (ICACCI)}, 
  title={An Automatic Chord Progression Generator Based On Reinforcement Learning}, 
  year={2018},
  volume={},
  number={},
  pages={55-59},
  doi={10.1109/ICACCI.2018.8554901}
}
@article{DBLP:journals/corr/abs-1710-11418,
  author= {Sang{-}gil Lee and Uiwon Hwang and Seonwoo Min and Sungroh Yoon},
  title={A SeqGAN for Polyphonic Music Generation},
  journal={CoRR},
  volume={abs/1710.11418},
  year={2017},
  url={http://arxiv.org/abs/1710.11418},
  eprinttype={arXiv},
  eprint={1710.11418},
  timestamp={Mon, 13 Aug 2018 16:46:39 +0200},
  biburl={https://dblp.org/rec/journals/corr/abs-1710-11418.bib},
  bibsource={dblp computer science bibliography, https://dblp.org}
}
@article{DBLP:journals/corr/abs-1804-09399,
  author={Hao{-}Wen Dong and Yi{-}Hsuan Yang},
  title={Convolutional Generative Adversarial Networks with Binary Neurons for Polyphonic Music Generation},
  journal={CoRR},
  volume={abs/1804.09399},
  year={2018},
  url={http://arxiv.org/abs/1804.09399},
  eprinttype={arXiv},
  eprint={1804.09399},
  timestamp={Sun, 02 Oct 2022 15:31:52 +0200},
  biburl={https://dblp.org/rec/journals/corr/abs-1804-09399.bib},
  bibsource={dblp computer science bibliography, https://dblp.org}
}
@inproceedings{10.1145/3394171.3413721,
  author={Ren, Yi and He, Jinzheng and Tan, Xu and Qin, Tao and Zhao, Zhou and Liu, Tie-Yan},
  title={PopMAG: Pop Music Accompaniment Generation},
  year={2020},
  isbn={9781450379885},
  publisher={Association for Computing Machinery},
  address={New York, NY, USA},
  url={https://doi.org/10.1145/3394171.3413721},
  doi={10.1145/3394171.3413721},
  booktitle={Proceedings of the 28th ACM International Conference on Multimedia},
  pages={1198–1206},
  numpages={9},
  keywords={music generation, sequence-to-sequence model, accompaniment generation, pop music, music representation},
  location={Seattle, WA, USA},
  series={MM '20}
}
@inproceedings{10.1145/1357054.1357169,
  author={Simon, Ian and Morris, Dan and Basu, Sumit},
  title={MySong: Automatic Accompaniment Generation for Vocal Melodies},
  year={2008},
  isbn={9781605580111},
  publisher={Association for Computing Machinery},
  address={New York, NY, USA},
  url={https://doi.org/10.1145/1357054.1357169},
  doi={10.1145/1357054.1357169},
  booktitle={Proceedings of the SIGCHI Conference on Human Factors in Computing Systems},
  pages={725–734},
  numpages={10},
  keywords={hidden markov models, music},
  location={Florence, Italy},
  series={CHI '08}
}
@article{Jiang_Jin_Duan_Zhang_2020,
  title={RL-Duet: Online Music Accompaniment Generation Using Deep Reinforcement Learning},
  volume={34},
  url={https://ojs.aaai.org/index.php/AAAI/article/view/5413},
  DOI={10.1609/aaai.v34i01.5413},
  number={01},
  journal={Proceedings of the AAAI Conference on Artificial Intelligence},
  author={Jiang, Nan and Jin, Sheng and Duan, Zhiyao and Zhang, Changshui},
  year={2020},
  month={4},
  pages={710-718}
}
@article{https://doi.org/10.1049/cit2.12065,
  author={Jin, Cong and Wang, Tao and Li, Xiaobing and Tie, Chu Jie Jiessie and Tie, Yun and Liu, Shan and Yan, Ming and Li, Yongzhi and Wang, Junxian and Huang, Shenze},
  title={A transformer generative adversarial network for multi-track music generation},
  journal={CAAI Transactions on Intelligence Technology},
  volume={7},
  number={3},
  pages={369-380},
  keywords={artificial intelligence, deep learning, multimedia},
  doi={https://doi.org/10.1049/cit2.12065},
  url={https://ietresearch.onlinelibrary.wiley.com/doi/abs/10.1049/cit2.12065},
  eprint={https://ietresearch.onlinelibrary.wiley.com/doi/pdf/10.1049/cit2.12065},
  year={2022}
}

@misc{dhariwal2020jukebox,
  title={Jukebox: A Generative Model for Music}, 
  author={Prafulla Dhariwal and Heewoo Jun and Christine Payne and Jong Wook Kim and Alec Radford and Ilya Sutskever},
  year={2020},
  eprint={2005.00341},
  archivePrefix={arXiv},
  primaryClass={eess.AS}
}
@inproceedings{9768298,
  author={Verma, Prateek and Chafe, Chris},
  booktitle={2021 24th International Conference on Digital Audio Effects (DAFx)}, 
  title={A Generative Model for Raw Audio Using Transformer Architectures}, 
  year={2021},
  volume={},
  number={},
  pages={230-237},
  doi={10.23919/DAFx51585.2021.9768298}
}
@article{Muhamed_Li_Shi_Yaddanapudi_Chi_Jackson_Suresh_Lipton_Smola_2021,
  title={Symbolic Music Generation with Transformer-GANs},
  volume={35},
  url={https://ojs.aaai.org/index.php/AAAI/article/view/16117},
  DOI={10.1609/aaai.v35i1.16117},
  number={1},
  journal={Proceedings of the AAAI Conference on Artificial Intelligence},
  author={Muhamed, Aashiq and Li, Liang and Shi, Xingjian and Yaddanapudi, Suri and Chi, Wayne and Jackson, Dylan and Suresh, Rahul and Lipton, Zachary C. and Smola, Alex J.},
  year={2021},
  month={5},
  pages={408-417}
}
@inproceedings{huang16chordripple,
  author={Huang, Cheng-Zhi Anna and Duvenaud, David and Gajos, Krzysztof Z.},
  title={ChordRipple: Recommending Chords to Help Novice Composers Go Beyond the Ordinary},
  booktitle={Proceedings of the 21st International Conference on Intelligent User Interfaces},
  series={IUI '16},
  year={2016},
  isbn={978-1-4503-4137-0},
  location={Sonoma, California, USA},
  pages={241--250},
  numpages={10},
  doi={10.1145/2856767.2856792},
  acmid={2856792},
  publisher={ACM},
  address={New York, NY, USA},
  keywords={chords, creativity support tools, recommender systems, neural language models, embeddings, harmony, music, songwriting},
}
@misc{dalmazzo:hal-04289026,
  title={{The Chordinator: Chord progression modeling and generation using transformers}},
  author={Dalmazzo, David and D{\'e}guernel, Ken and Sturm, Bob L. T.},
  url={https://hal.science/hal-04289026},
  note={Late Breaking Demo},
  year={2023},
  pdf={https://hal.science/hal-04289026/file/Paper_template_for_ISMIR_LBD-1.pdf},
  hal_id={hal-04289026},
  hal_version={v1},
}
@article{NAVARROCACERES2019100543,
  title={ChordAIS: An assistive system for the generation of chord progressions with an artificial immune system},
  journal={Swarm and Evolutionary Computation},
  volume={50},
  pages={100543},
  year={2019},
  issn={2210-6502},
  doi={https://doi.org/10.1016/j.swevo.2019.05.012},
  url={https://www.sciencedirect.com/science/article/pii/S2210650218301974},
  author={María Navarro-Cáceres and Marcelo Caetano and Gilberto Bernardes and Leandro Nunes {de Castro}},
  keywords={Tonal interval space, Chord progression, Artificial immune system},
}
@inproceedings{10.1007/978-3-319-13560-1_69,
  author="Otani, Noriko and Shirakawa, Shoko and Numao, Masayuki",
  editor="Pham, Duc-Nghia and Park, Seong-Bae",
  title="Symbiotic Evolution to Generate Chord Progression Consisting of Four Parts for a Music Composition System",
  booktitle="PRICAI 2014: Trends in Artificial Intelligence",
  year="2014",
  publisher="Springer International Publishing",
  address="Cham",
  pages="849--855",
  isbn="978-3-319-13560-1"
}
@article{doi:10.1080/09298215.2016.1173708,
  author={Raymond P. Whorley and Darrell Conklin},
  title={Music Generation from Statistical Models of Harmony},
  journal={Journal of New Music Research},
  volume={45},
  number={2},
  pages={160-183},
  year={2016},
  publisher={Routledge},
  doi={10.1080/09298215.2016.1173708},
  URL={https://doi.org/10.1080/09298215.2016.1173708},
  eprint={https://doi.org/10.1080/09298215.2016.1173708}
}
@inproceedings{NIPS2017_3f5ee243,
  author={Vaswani, Ashish and Shazeer, Noam and Parmar, Niki and Uszkoreit, Jakob and Jones, Llion and Gomez, Aidan N and Kaiser, \L ukasz and Polosukhin, Illia},
  booktitle={Advances in Neural Information Processing Systems},
  editor={I. Guyon and U. Von Luxburg and S. Bengio and H. Wallach and R. Fergus and S. Vishwanathan and R. Garnett},
  pages={},
  publisher={Curran Associates, Inc.},
  title={Attention is All you Need},
  url={https://proceedings.neurips.cc/paper_files/paper/2017/file/3f5ee243547dee91fbd053c1c4a845aa-Paper.pdf},
  volume={30},
  year={2017}
}
@misc{brown2020language,
  title={Language Models are Few-Shot Learners}, 
  author={Tom B. Brown and Benjamin Mann and Nick Ryder and Melanie Subbiah and Jared Kaplan and Prafulla Dhariwal and Arvind Neelakantan and Pranav Shyam and Girish Sastry and Amanda Askell and Sandhini Agarwal and Ariel Herbert-Voss and Gretchen Krueger and Tom Henighan and Rewon Child and Aditya Ramesh and Daniel M. Ziegler and Jeffrey Wu and Clemens Winter and Christopher Hesse and Mark Chen and Eric Sigler and Mateusz Litwin and Scott Gray and Benjamin Chess and Jack Clark and Christopher Berner and Sam McCandlish and Alec Radford and Ilya Sutskever and Dario Amodei},
  year={2020},
  eprint={2005.14165},
  archivePrefix={arXiv},
  primaryClass={cs.CL}
}
@article{JMLR:v24:22-1144,
  author ={Aakanksha Chowdhery and Sharan Narang and Jacob Devlin and Maarten Bosma and Gaurav Mishra and Adam Roberts and Paul Barham and Hyung Won Chung and Charles Sutton and Sebastian Gehrmann and Parker Schuh and Kensen Shi and Sasha Tsvyashchenko and Joshua Maynez and Abhishek Rao and Parker Barnes and Yi Tay and Noam Shazeer and Vinodkumar Prabhakaran and Emily Reif and Nan Du and Ben Hutchinson and Reiner Pope and James Bradbury and Jacob Austin and Michael Isard and Guy Gur-Ari and Pengcheng Yin and Toju Duke and Anselm Levskaya and Sanjay Ghemawat and Sunipa Dev and Henryk Michalewski and Xavier Garcia and Vedant Misra and Kevin Robinson and Liam Fedus and Denny Zhou and Daphne Ippolito and David Luan and Hyeontaek Lim and Barret Zoph and Alexander Spiridonov and Ryan Sepassi and David Dohan and Shivani Agrawal and Mark Omernick and Andrew M. Dai and Thanumalayan Sankaranarayana Pillai and Marie Pellat and Aitor Lewkowycz and Erica Moreira and Rewon Child and Oleksandr Polozov and Katherine Lee and Zongwei Zhou and Xuezhi Wang and Brennan Saeta and Mark Diaz and Orhan Firat and Michele Catasta and Jason Wei and Kathy Meier-Hellstern and Douglas Eck and Jeff Dean and Slav Petrov and Noah Fiedel},
  title  ={PaLM: Scaling Language Modeling with Pathways},
  journal={Journal of Machine Learning Research},
  year   ={2023},
  volume ={24},
  number ={240},
  pages  ={1--113},
  url    ={http://jmlr.org/papers/v24/22-1144.html}
}
@misc{touvron2023llama,
  title={Llama 2: Open Foundation and Fine-Tuned Chat Models}, 
  author={Hugo Touvron and Louis Martin and Kevin Stone and Peter Albert and Amjad Almahairi and Yasmine Babaei and Nikolay Bashlykov and Soumya Batra and Prajjwal Bhargava and Shruti Bhosale and Dan Bikel and Lukas Blecher and Cristian Canton Ferrer and Moya Chen and Guillem Cucurull and David Esiobu and Jude Fernandes and Jeremy Fu and Wenyin Fu and Brian Fuller and Cynthia Gao and Vedanuj Goswami and Naman Goyal and Anthony Hartshorn and Saghar Hosseini and Rui Hou and Hakan Inan and Marcin Kardas and Viktor Kerkez and Madian Khabsa and Isabel Kloumann and Artem Korenev and Punit Singh Koura and Marie-Anne Lachaux and Thibaut Lavril and Jenya Lee and Diana Liskovich and Yinghai Lu and Yuning Mao and Xavier Martinet and Todor Mihaylov and Pushkar Mishra and Igor Molybog and Yixin Nie and Andrew Poulton and Jeremy Reizenstein and Rashi Rungta and Kalyan Saladi and Alan Schelten and Ruan Silva and Eric Michael Smith and Ranjan Subramanian and Xiaoqing Ellen Tan and Binh Tang and Ross Taylor and Adina Williams and Jian Xiang Kuan and Puxin Xu and Zheng Yan and Iliyan Zarov and Yuchen Zhang and Angela Fan and Melanie Kambadur and Sharan Narang and Aurelien Rodriguez and Robert Stojnic and Sergey Edunov and Thomas Scialom},
  year={2023},
  eprint={2307.09288},
  archivePrefix={arXiv},
  primaryClass={cs.CL}
}
@misc{workshop2023bloom,
  title={BLOOM: A 176B-Parameter Open-Access Multilingual Language Model}, 
  author={BigScience Workshop and : and Teven Le Scao and Angela Fan and Christopher Akiki and Ellie Pavlick and Suzana Ilić and Daniel Hesslow and Roman Castagné and Alexandra Sasha Luccioni and François Yvon and Matthias Gallé and Jonathan Tow and Alexander M. Rush and Stella Biderman and Albert Webson and Pawan Sasanka Ammanamanchi and Thomas Wang and Benoît Sagot and Niklas Muennighoff and Albert Villanova del Moral and Olatunji Ruwase and Rachel Bawden and Stas Bekman and Angelina McMillan-Major and Iz Beltagy and Huu Nguyen and Lucile Saulnier and Samson Tan and Pedro Ortiz Suarez and Victor Sanh and Hugo Laurençon and Yacine Jernite and Julien Launay and Margaret Mitchell and Colin Raffel and Aaron Gokaslan and Adi Simhi and Aitor Soroa and Alham Fikri Aji and Amit Alfassy and Anna Rogers and Ariel Kreisberg Nitzav and Canwen Xu and Chenghao Mou and Chris Emezue and Christopher Klamm and Colin Leong and Daniel van Strien and David Ifeoluwa Adelani and Dragomir Radev and Eduardo González Ponferrada and Efrat Levkovizh and Ethan Kim and Eyal Bar Natan and Francesco De Toni and Gérard Dupont and Germán Kruszewski and Giada Pistilli and Hady Elsahar and Hamza Benyamina and Hieu Tran and Ian Yu and Idris Abdulmumin and Isaac Johnson and Itziar Gonzalez-Dios and Javier de la Rosa and Jenny Chim and Jesse Dodge and Jian Zhu and Jonathan Chang and Jörg Frohberg and Joseph Tobing and Joydeep Bhattacharjee and Khalid Almubarak and Kimbo Chen and Kyle Lo and Leandro Von Werra and Leon Weber and Long Phan and Loubna Ben allal and Ludovic Tanguy and Manan Dey and Manuel Romero Muñoz and Maraim Masoud and María Grandury and Mario Šaško and Max Huang and Maximin Coavoux and Mayank Singh and Mike Tian-Jian Jiang and Minh Chien Vu and Mohammad A. Jauhar and Mustafa Ghaleb and Nishant Subramani and Nora Kassner and Nurulaqilla Khamis and Olivier Nguyen and Omar Espejel and Ona de Gibert and Paulo Villegas and Peter Henderson and Pierre Colombo and Priscilla Amuok and Quentin Lhoest and Rheza Harliman and Rishi Bommasani and Roberto Luis López and Rui Ribeiro and Salomey Osei and Sampo Pyysalo and Sebastian Nagel and Shamik Bose and Shamsuddeen Hassan Muhammad and Shanya Sharma and Shayne Longpre and Somaieh Nikpoor and Stanislav Silberberg and Suhas Pai and Sydney Zink and Tiago Timponi Torrent and Timo Schick and Tristan Thrush and Valentin Danchev and Vassilina Nikoulina and Veronika Laippala and Violette Lepercq and Vrinda Prabhu and Zaid Alyafeai and Zeerak Talat and Arun Raja and Benjamin Heinzerling and Chenglei Si and Davut Emre Taşar and Elizabeth Salesky and Sabrina J. Mielke and Wilson Y. Lee and Abheesht Sharma and Andrea Santilli and Antoine Chaffin and Arnaud Stiegler and Debajyoti Datta and Eliza Szczechla and Gunjan Chhablani and Han Wang and Harshit Pandey and Hendrik Strobelt and Jason Alan Fries and Jos Rozen and Leo Gao and Lintang Sutawika and M Saiful Bari and Maged S. Al-shaibani and Matteo Manica and Nihal Nayak and Ryan Teehan and Samuel Albanie and Sheng Shen and Srulik Ben-David and Stephen H. Bach and Taewoon Kim and Tali Bers and Thibault Fevry and Trishala Neeraj and Urmish Thakker and Vikas Raunak and Xiangru Tang and Zheng-Xin Yong and Zhiqing Sun and Shaked Brody and Yallow Uri and Hadar Tojarieh and Adam Roberts and Hyung Won Chung and Jaesung Tae and Jason Phang and Ofir Press and Conglong Li and Deepak Narayanan and Hatim Bourfoune and Jared Casper and Jeff Rasley and Max Ryabinin and Mayank Mishra and Minjia Zhang and Mohammad Shoeybi and Myriam Peyrounette and Nicolas Patry and Nouamane Tazi and Omar Sanseviero and Patrick von Platen and Pierre Cornette and Pierre François Lavallée and Rémi Lacroix and Samyam Rajbhandari and Sanchit Gandhi and Shaden Smith and Stéphane Requena and Suraj Patil and Tim Dettmers and Ahmed Baruwa and Amanpreet Singh and Anastasia Cheveleva and Anne-Laure Ligozat and Arjun Subramonian and Aurélie Névéol and Charles Lovering and Dan Garrette and Deepak Tunuguntla and Ehud Reiter and Ekaterina Taktasheva and Ekaterina Voloshina and Eli Bogdanov and Genta Indra Winata and Hailey Schoelkopf and Jan-Christoph Kalo and Jekaterina Novikova and Jessica Zosa Forde and Jordan Clive and Jungo Kasai and Ken Kawamura and Liam Hazan and Marine Carpuat and Miruna Clinciu and Najoung Kim and Newton Cheng and Oleg Serikov and Omer Antverg and Oskar van der Wal and Rui Zhang and Ruochen Zhang and Sebastian Gehrmann and Shachar Mirkin and Shani Pais and Tatiana Shavrina and Thomas Scialom and Tian Yun and Tomasz Limisiewicz and Verena Rieser and Vitaly Protasov and Vladislav Mikhailov and Yada Pruksachatkun and Yonatan Belinkov and Zachary Bamberger and Zdeněk Kasner and Alice Rueda and Amanda Pestana and Amir Feizpour and Ammar Khan and Amy Faranak and Ana Santos and Anthony Hevia and Antigona Unldreaj and Arash Aghagol and Arezoo Abdollahi and Aycha Tammour and Azadeh HajiHosseini and Bahareh Behroozi and Benjamin Ajibade and Bharat Saxena and Carlos Muñoz Ferrandis and Daniel McDuff and Danish Contractor and David Lansky and Davis David and Douwe Kiela and Duong A. Nguyen and Edward Tan and Emi Baylor and Ezinwanne Ozoani and Fatima Mirza and Frankline Ononiwu and Habib Rezanejad and Hessie Jones and Indrani Bhattacharya and Irene Solaiman and Irina Sedenko and Isar Nejadgholi and Jesse Passmore and Josh Seltzer and Julio Bonis Sanz and Livia Dutra and Mairon Samagaio and Maraim Elbadri and Margot Mieskes and Marissa Gerchick and Martha Akinlolu and Michael McKenna and Mike Qiu and Muhammed Ghauri and Mykola Burynok and Nafis Abrar and Nazneen Rajani and Nour Elkott and Nour Fahmy and Olanrewaju Samuel and Ran An and Rasmus Kromann and Ryan Hao and Samira Alizadeh and Sarmad Shubber and Silas Wang and Sourav Roy and Sylvain Viguier and Thanh Le and Tobi Oyebade and Trieu Le and Yoyo Yang and Zach Nguyen and Abhinav Ramesh Kashyap and Alfredo Palasciano and Alison Callahan and Anima Shukla and Antonio Miranda-Escalada and Ayush Singh and Benjamin Beilharz and Bo Wang and Caio Brito and Chenxi Zhou and Chirag Jain and Chuxin Xu and Clémentine Fourrier and Daniel León Periñán and Daniel Molano and Dian Yu and Enrique Manjavacas and Fabio Barth and Florian Fuhrimann and Gabriel Altay and Giyaseddin Bayrak and Gully Burns and Helena U. Vrabec and Imane Bello and Ishani Dash and Jihyun Kang and John Giorgi and Jonas Golde and Jose David Posada and Karthik Rangasai Sivaraman and Lokesh Bulchandani and Lu Liu and Luisa Shinzato and Madeleine Hahn de Bykhovetz and Maiko Takeuchi and Marc Pàmies and Maria A Castillo and Marianna Nezhurina and Mario Sänger and Matthias Samwald and Michael Cullan and Michael Weinberg and Michiel De Wolf and Mina Mihaljcic and Minna Liu and Moritz Freidank and Myungsun Kang and Natasha Seelam and Nathan Dahlberg and Nicholas Michio Broad and Nikolaus Muellner and Pascale Fung and Patrick Haller and Ramya Chandrasekhar and Renata Eisenberg and Robert Martin and Rodrigo Canalli and Rosaline Su and Ruisi Su and Samuel Cahyawijaya and Samuele Garda and Shlok S Deshmukh and Shubhanshu Mishra and Sid Kiblawi and Simon Ott and Sinee Sang-aroonsiri and Srishti Kumar and Stefan Schweter and Sushil Bharati and Tanmay Laud and Théo Gigant and Tomoya Kainuma and Wojciech Kusa and Yanis Labrak and Yash Shailesh Bajaj and Yash Venkatraman and Yifan Xu and Yingxin Xu and Yu Xu and Zhe Tan and Zhongli Xie and Zifan Ye and Mathilde Bras and Younes Belkada and Thomas Wolf},
  year={2023},
  eprint={2211.05100},
  archivePrefix={arXiv},
  primaryClass={cs.CL}
}
@misc{karras2019stylebased,
  title={A Style-Based Generator Architecture for Generative Adversarial Networks}, 
  author={Tero Karras and Samuli Laine and Timo Aila},
  year={2019},
  eprint={1812.04948},
  archivePrefix={arXiv},
  primaryClass={cs.NE}
}
@software{nextjs14.0.4,
  title={Next.js},
  author={{Vercel Inc.}},
  year={2023},
  version={14.0.4},
  url={https://nextjs.org/},
}
@software{tailwindcss3.3.6,
  title={Tailwind CSS},
  author={{Adam Wathan, Jonathan Reinink, David Hemphill, and Steve Schoger}},
  year={2023},
  version={3.3.6},
  url={https://tailwindcss.com/},
}
@software{zustand4.4.7,
  title={Zustand},
  author={{Poimandres}},
  year={2023},
  version={4.4.7},
  url={https://github.com/pmndrs/zustand},
}
@software{onnxruntime1.16.3,
  title={ONNX Runtime},
  author={{Microsoft Corporation}},
  year={2023},
  version={1.16.3},
  url={https://onnxruntime.ai/},
}
@software{tonejs14.7.77,
  title={Tone.js},
  author={{Yotam Mann}},
  year={2023},
  version={14.7.77},
  url={https://tonejs.github.io/},
}
@misc{TonejsAudio,
  author={Tonejs},
  title={Audio files used in Tone.js examples},
  year={2023},
  url={https://github.com/Tonejs/audio},
}
@software{fontawesome6,
  title={Font Awesome Icons V6},
  author={Fonticons, Inc.},
  year={2023},
  url={https://fontawesome.com},
}
@software{tablericons,
  title={Tabler Icons},
  author={{codecalm.net}},
  year={2023},
  url={https://tabler.io/icons},
  version={2.44.0},
  note={Accessed: 2023-12-27}
}
@software{inkscape1.2.2,
  title={Inkscape},
  version={1.2.2},
  author={{The Inkscape Team}},
  year={2022},
  month={12},
  day={09},
  url={https://inkscape.org},
}
